@book{knuth,
  author       = {Knuth, Donald E.},
  title        = {The {\TeX} book},
  date         = 1984,
  maintitle    = {Computers \& Typesetting},
  volume       = {A},
  publisher    = {Addison-Wesley},
  location     = {Reading, Mass.},
  langid       = {english},
  langidopts   = {variant=american},
  sortyear     = {1984-1},
  sorttitle    = {Computers & Typesetting A},
  indexsorttitle= {The TeXbook},
  indextitle   = {\protect\TeX book, The},
  shorttitle   = {\TeX book}
}

@article{einstein,
    author = {Einstein, A.},
    title = {Die Grundlage der allgemeinen Relativit√§tstheorie},
    journal = {Annalen der Physik},
    volume = {354},
    number = {7},
    doi = {10.1002/andp.19163540702},
    pages = {769--822},
    year = {1916}
}
